<?xml version="1.0" encoding="UTF-8"?><record xmlns="http://www.loc.gov/MARC21/slim" xmlns:cinclude="http://apache.org/cocoon/include/1.0" xmlns:zs="http://www.loc.gov/zing/srw/">
  <leader>00541nz  a2200133n  4500</leader>
  <controlfield tag="001">no2007119624</controlfield>
  <controlfield tag="003">DLC</controlfield>
  <controlfield tag="005">20071010075324.0</controlfield>
  <controlfield tag="008">071008n| acannaabn          |n aaa     c</controlfield>
  <datafield tag="010" ind1=" " ind2=" ">
    <subfield code="a">no2007119624</subfield>
  </datafield>
  <datafield tag="035" ind1=" " ind2=" ">
    <subfield code="a">(OCoLC)oca07545507</subfield>
  </datafield>
  <datafield tag="040" ind1=" " ind2=" ">
    <subfield code="a">MnMN</subfield>
    <subfield code="b">eng</subfield>
    <subfield code="c">MnMN</subfield>
  </datafield>
  <datafield tag="100" ind1="1" ind2=" ">
    <subfield code="a">Lewis, William R.,</subfield>
    <subfield code="d">1948-</subfield>
  </datafield>
  <datafield tag="670" ind1=" " ind2=" ">
    <subfield code="a">The best American short plays 1989, c1989:</subfield>
    <subfield code="b">p. 225 (William R. Lewis) p. 227 (playwright; b. 1948 in W. Virginia; Ph.D. in Theatre, Southern Illinois University, Carbondale; plays include "Trout," "Yikkin vins," and "Up on rolling pine")</subfield>
  </datafield>
</record>